@book{zhou2012ensemble,
  title={Ensemble methods: foundations and algorithms},
  author={Zhou, Zhi-Hua},
  year={2012},
  publisher={CRC press}
}

@book{hawkins1980identification,
  title={Identification of outliers},
  author={Hawkins, Douglas M},
  volume={11},
  year={1980},
  publisher={Springer}
}

@article{zhao2019pyod,
  author  = {Zhao, Yue and Nasrullah, Zain and Li, Zheng},
  title   = {PyOD: A Python Toolbox for Scalable Outlier Detection},
  journal = {Journal of Machine Learning Research},
  year    = {2019},
  volume  = {20},
  number  = {96},
  pages   = {1-7},
  url     = {http://jmlr.org/papers/v20/19-011.html}
}

@article{bartos_2019_rrcf,
  title={rrcf: Implementation of the Robust Random Cut Forest algorithm for anomaly detection on streams},
  author={Matthew, Bartos and Abhiram, Mullapudi and Sara, Troutman},
  journal={The Journal of Open Source Software},
  volume={4},
  number={35},
  pages={1336},
  year={2019}
}
@article{chandola2009anomaly,
  title={Anomaly detection: A survey},
  author={Chandola, Varun and Banerjee, Arindam and Kumar, Vipin},
  journal={ACM computing surveys (CSUR)},
  volume={41},
  number={3},
  pages={1--58},
  year={2009},
  publisher={ACM New York, NY, USA}
}

@article{ruts1996computing,
  title={Computing depth contours of bivariate point clouds},
  author={Ruts, Ida and Rousseeuw, Peter J},
  journal={Computational Statistics \& Data Analysis},
  volume={23},
  number={1},
  pages={153--168},
  year={1996},
  publisher={Elsevier}
}

@inproceedings{knorr1997unified,
  title={A Unified Notion of Outliers: Properties and Computation.},
  author={Knorr, Edwin M and Ng, Raymond T},
  booktitle={KDD},
  volume={97},
  pages={219--222},
  year={1997}
}

@inproceedings{ramaswamy2000efficient,
  title={Efficient algorithms for mining outliers from large data sets},
  author={Ramaswamy, Sridhar and Rastogi, Rajeev and Shim, Kyuseok},
  booktitle={Proceedings of the 2000 ACM SIGMOD international conference on Management of data},
  pages={427--438},
  year={2000}
}

@inproceedings{agyemang2004algorithm,
  title={Algorithm for Mining Local Outliers},
  author={Agyemang, Malik},
  booktitle={Innovations Through Information Technology: 2004 Information Resources Management Association International Conference, New Orleans, Louisiana, USA, May 23-26, 2004},
  volume={1},
  pages={5},
  year={2004},
  organization={IGI Global}
}

@inproceedings{papadimitriou2003loci,
  title={Loci: Fast outlier detection using the local correlation integral},
  author={Papadimitriou, Spiros and Kitagawa, Hiroyuki and Gibbons, Phillip B and Faloutsos, Christos},
  booktitle={Proceedings 19th international conference on data engineering (Cat. No. 03CH37405)},
  pages={315--326},
  year={2003},
  organization={IEEE}
}

@inproceedings{pokrajac2007incremental,
  title={Incremental local outlier detection for data streams},
  author={Pokrajac, Dragoljub and Lazarevic, Aleksandar and Latecki, Longin Jan},
  booktitle={2007 IEEE symposium on computational intelligence and data mining},
  pages={504--515},
  year={2007},
  organization={IEEE}
}

@inproceedings{breunig2000lof,
  title={LOF: identifying density-based local outliers},
  author={Breunig, Markus M and Kriegel, Hans-Peter and Ng, Raymond T and Sander, J{\"o}rg},
  booktitle={Proceedings of the 2000 ACM SIGMOD international conference on Management of data},
  pages={93--104},
  year={2000}
}

@inproceedings{lundberg2017unified,
  title={A unified approach to interpreting model predictions},
  author={Lundberg, Scott M and Lee, Su-In},
  booktitle={Advances in neural information processing systems},
  pages={4765--4774},
  year={2017}
}

@inproceedings{ribeiro2016should,
  title={" Why should I trust you?" Explaining the predictions of any classifier},
  author={Ribeiro, Marco Tulio and Singh, Sameer and Guestrin, Carlos},
  booktitle={Proceedings of the 22nd ACM SIGKDD international conference on knowledge discovery and data mining},
  pages={1135--1144},
  year={2016}
}

@article{shrikumar2017learning,
  title={Learning important features through propagating activation differences},
  author={Shrikumar, Avanti and Greenside, Peyton and Kundaje, Anshul},
  journal={arXiv preprint arXiv:1704.02685},
  year={2017}
}

@inproceedings{dang2013local,
  title={Local outlier detection with interpretation},
  author={Dang, Xuan Hong and Micenkov{\'a}, Barbora and Assent, Ira and Ng, Raymond T},
  booktitle={Joint European Conference on Machine Learning and Knowledge Discovery in Databases},
  pages={304--320},
  year={2013},
  organization={Springer}
}

@inproceedings{micenkova2013explaining,
  title={Explaining outliers by subspace separability},
  author={Micenkov{\'a}, Barbora and Ng, Raymond T and Dang, Xuan-Hong and Assent, Ira},
  booktitle={2013 IEEE 13th international conference on data mining},
  pages={518--527},
  year={2013},
  organization={IEEE}
}

@inproceedings{dang2014discriminative,
  title={Discriminative features for identifying and interpreting outliers},
  author={Dang, Xuan Hong and Assent, Ira and Ng, Raymond T and Zimek, Arthur and Schubert, Erich},
  booktitle={2014 IEEE 30th international conference on data engineering},
  pages={88--99},
  year={2014},
  organization={IEEE}
}

@article{duan2015mining,
  title={Mining outlying aspects on numeric data},
  author={Duan, Lei and Tang, Guanting and Pei, Jian and Bailey, James and Campbell, Akiko and Tang, Changjie},
  journal={Data Mining and Knowledge Discovery},
  volume={29},
  number={5},
  pages={1116--1151},
  year={2015},
  publisher={Springer}
}
@article{macha2018explaining,
  title={Explaining anomalies in groups with characterizing subspace rules},
  author={Macha, Meghanath and Akoglu, Leman},
  journal={Data Mining and Knowledge Discovery},
  volume={32},
  number={5},
  pages={1444--1480},
  year={2018},
  publisher={Springer}
}

@inproceedings{muller2012outrules,
  title={OutRules: a framework for outlier descriptions in multiple context spaces},
  author={M{\"u}ller, Emmanuel and Keller, Fabian and Blanc, Sebastian and B{\"o}hm, Klemens},
  booktitle={Joint European Conference on Machine Learning and Knowledge Discovery in Databases},
  pages={828--832},
  year={2012},
  organization={Springer}
}

@inproceedings{he2010co,
  title={Co-selection of features and instances for unsupervised rare category analysis},
  author={He, Jingrui and Carbonell, Jaime},
  booktitle={Proceedings of the 2010 SIAM International Conference on Data Mining},
  pages={525--536},
  year={2010},
  organization={SIAM}
}

@article{cook2019anomaly,
  title={Anomaly detection for IoT time-series data: A survey},
  author={Cook, Andrew and M{\i}s{\i}rl{\i}, G{\"o}ksel and Fan, Zhong},
  journal={IEEE Internet of Things Journal},
  year={2019},
  publisher={IEEE}
}


@inproceedings{wu2016survey,
  title={A survey of research on anomaly detection for time series},
  author={Wu, Hu-Sheng},
  booktitle={2016 13th International Computer Conference on Wavelet Active Media Technology and Information Processing (ICCWAMTIP)},
  pages={426--431},
  year={2016},
  organization={IEEE}
}

@article{siripanadorn2010anomaly,
  title={Anomaly detection in wireless sensor networks using self-organizing map and wavelets},
  author={Siripanadorn, Supakit and Hattagam, Wipawee and Teaumroong, Neung},
  journal={International Journal of Communications},
  volume={4},
  number={3},
  pages={74--83},
  year={2010}
}

@article{kromanis2013support,
  title={Support vector regression for anomaly detection from measurement histories},
  author={Kromanis, Rolands and Kripakaran, Prakash},
  journal={Advanced Engineering Informatics},
  volume={27},
  number={4},
  pages={486--495},
  year={2013},
  publisher={Elsevier}
}

@article{ting2010precision,
  title={Precision and Recall.},
  author={Ting, Kai Ming},
  journal={Encyclopedia of machine learning},
  volume={781},
  year={2010}
}
@article{bradley1997use,
  title={The use of the area under the ROC curve in the evaluation of machine learning algorithms},
  author={Bradley, Andrew P},
  journal={Pattern recognition},
  volume={30},
  number={7},
  pages={1145--1159},
  year={1997}
}

@article{hanley1982meaning,
  title={The meaning and use of the area under a receiver operating characteristic (ROC) curve.},
  author={Hanley, James A and McNeil, Barbara J},
  journal={Radiology},
  volume={143},
  number={1},
  pages={29--36},
  year={1982}
}

@article{garcia2009anomaly,
  title={Anomaly-based network intrusion detection: Techniques, systems and challenges},
  author={Garcia-Teodoro, Pedro and Diaz-Verdejo, Jesus and Maci{\'a}-Fern{\'a}ndez, Gabriel and V{\'a}zquez, Enrique},
  journal={computers \& security},
  volume={28},
  number={1-2},
  pages={18--28},
  year={2009},
  publisher={Elsevier}
}

@article{bolton2002statistical,
  title={Statistical fraud detection: A review},
  author={Bolton, Richard J and Hand, David J},
  journal={Statistical science},
  pages={235--249},
  year={2002},
  publisher={JSTOR}
}

@article{hwang2009survey,
  title={A survey of fault detection, isolation, and reconfiguration methods},
  author={Hwang, Inseok and Kim, Sungwan and Kim, Youdan and Seah, Chze Eng},
  journal={IEEE transactions on control systems technology},
  volume={18},
  number={3},
  pages={636--653},
  year={2009},
  publisher={IEEE}
}

@inproceedings{sakaki2010earthquake,
  title={Earthquake shakes Twitter users: real-time event detection by social sensors},
  author={Sakaki, Takeshi and Okazaki, Makoto and Matsuo, Yutaka},
  booktitle={Proceedings of the 19th international conference on World wide web},
  pages={851--860},
  year={2010}
}

@article{powers2011evaluation,
  title={Evaluation: from precision, recall and F-measure to ROC, informedness, markedness and correlation},
  author={Powers, David Martin},
  year={2011},
  publisher={Bioinfo Publications}
}

@article{deng2013modified,
  title={Modified kernel principal component analysis based on local structure analysis and its application to nonlinear process fault diagnosis},
  author={Deng, Xiaogang and Tian, Xuemin and Chen, Sheng},
  journal={Chemometrics and Intelligent Laboratory Systems},
  volume={127},
  pages={195--209},
  year={2013},
  publisher={Elsevier}
}

@article{yin2014improved,
  title={Improved PLS focused on key-performance-indicator-related fault diagnosis},
  author={Yin, Shen and Zhu, Xiangping and Kaynak, Okyay},
  journal={IEEE Transactions on Industrial Electronics},
  volume={62},
  number={3},
  pages={1651--1658},
  year={2014},
  publisher={IEEE}
}

@inproceedings{kuang2008anomaly,
  title={An anomaly intrusion detection method using the CSI-KNN algorithm},
  author={Kuang, Liwei and Zulkernine, Mohammad},
  booktitle={Proceedings of the 2008 ACM symposium on Applied computing},
  pages={921--926},
  year={2008}
}

@article{munir2019fusead,
  title={FuseAD: unsupervised anomaly detection in streaming sensors data by fusing statistical and deep learning models},
  author={Munir, Mohsin and Siddiqui, Shoaib Ahmed and Chattha, Muhammad Ali and Dengel, Andreas and Ahmed, Sheraz},
  journal={Sensors},
  volume={19},
  number={11},
  pages={2451},
  year={2019},
  publisher={Multidisciplinary Digital Publishing Institute}
}

@techreport{laney01controlling3v,
  author = {Laney, Douglas},
  biburl = {https://www.bibsonomy.org/bibtex/263868097d6e1998de3d88fcbb7670ca6/refshah},
  institution = {META Group},
  keywords = {big data},
  month = {February},
  title = {{3D} Data Management: Controlling Data Volume, Velocity, and Variety},
  url = {http://blogs.gartner.com/doug-laney/files/2012/01/ad949-3D-Data-Management-Controlling-Data-Volume-Velocity-and-Variety.pdf},
  year = 2001
}

@article{gantz2011extracting,
  title={Extracting value from chaos},
  author={Gantz, John and Reinsel, David},
  journal={IDC iview},
  volume={1142},
  number={2011},
  pages={1--12},
  year={2011}
}
@inproceedings{gadepally2014big,
  title={Big data dimensional analysis},
  author={Gadepally, Vijay and Kepner, Jeremy},
  booktitle={2014 IEEE High Performance Extreme Computing Conference (HPEC)},
  pages={1--6},
  year={2014},
  organization={IEEE}
}
@inproceedings{shin2017d,
  title={D-cube: Dense-block detection in terabyte-scale tensors},
  author={Shin, Kijung and Hooi, Bryan and Kim, Jisu and Faloutsos, Christos},
  booktitle={Proceedings of the Tenth ACM International Conference on Web Search and Data Mining},
  pages={681--689},
  year={2017}
}

@article{hung2002parallel,
  title={Parallel mining of outliers in large database},
  author={Hung, Edward and Cheung, David W},
  journal={Distributed and Parallel Databases},
  volume={12},
  number={1},
  pages={5--26},
  year={2002},
  publisher={Springer}
}

@inproceedings{knox1998algorithms,
  title={Algorithms for mining distancebased outliers in large datasets},
  author={Knox, Edwin M and Ng, Raymond T},
  booktitle={Proceedings of the international conference on very large data bases},
  pages={392--403},
  year={1998},
  organization={Citeseer}
}
@inproceedings{angiulli2007very,
  title={Very efficient mining of distance-based outliers},
  author={Angiulli, Fabrizio and Fassetti, Fabio},
  booktitle={Proceedings of the sixteenth ACM conference on Conference on information and knowledge management},
  pages={791--800},
  year={2007}
}

@inproceedings{arning1996linear,
  title={A Linear Method for Deviation Detection in Large Databases.},
  author={Arning, Andreas and Agrawal, Rakesh and Raghavan, Prabhakar},
  booktitle={KDD},
  volume={1141},
  number={50},
  pages={972--981},
  year={1996}
}

@article{erfani2016high,
  title={High-dimensional and large-scale anomaly detection using a linear one-class SVM with deep learning},
  author={Erfani, Sarah M and Rajasegarar, Sutharshan and Karunasekera, Shanika and Leckie, Christopher},
  journal={Pattern Recognition},
  volume={58},
  pages={121--134},
  year={2016},
  publisher={Elsevier}
}

@inproceedings{camacho2014tackling,
  title={Tackling the big data 4 vs for anomaly detection},
  author={Camacho, Jose and Macia-Fernandez, Gabriel and Diaz-Verdejo, Jesus and Garcia-Teodoro, Pedro},
  booktitle={2014 IEEE conference on computer communications workshops (INFOCOM WKSHPS)},
  pages={500--505},
  year={2014},
  organization={IEEE}
}

@article{sadik2014research,
  title={Research issues in outlier detection for data streams},
  author={Sadik, Shiblee and Gruenwald, Le},
  journal={Acm Sigkdd Explorations Newsletter},
  volume={15},
  number={1},
  pages={33--40},
  year={2014},
  publisher={ACM New York, NY, USA}
}

@article{silva2013data,
  title={Data stream clustering: A survey},
  author={Silva, Jonathan A and Faria, Elaine R and Barros, Rodrigo C and Hruschka, Eduardo R and Carvalho, Andr{\'e} CPLF de and Gama, Jo{\~a}o},
  journal={ACM Computing Surveys (CSUR)},
  volume={46},
  number={1},
  pages={1--31},
  year={2013},
  publisher={ACM New York, NY, USA}
}

@article{pettis1979intrinsic,
  title={An intrinsic dimensionality estimator from near-neighbor information},
  author={Pettis, Karl W and Bailey, Thomas A and Jain, Anil K and Dubes, Richard C},
  journal={IEEE Transactions on pattern analysis and machine intelligence},
  number={1},
  pages={25--37},
  year={1979},
  publisher={IEEE}
}

@inproceedings{angiulli2007detecting,
  title={Detecting distance-based outliers in streams of data},
  author={Angiulli, Fabrizio and Fassetti, Fabio},
  booktitle={Proceedings of the sixteenth ACM conference on Conference on information and knowledge management},
  pages={811--820},
  year={2007}
}

@article{angiulli2009detecting,
  title={Detecting outlying properties of exceptional objects},
  author={Angiulli, Fabrizio and Fassetti, Fabio and Palopoli, Luigi},
  journal={Acm transactions on database systems (tods)},
  volume={34},
  number={1},
  pages={1--62},
  year={2009},
  publisher={ACM New York, NY, USA}
}

@inproceedings{yu2016uncertain,
  title={Uncertain Frequent Itemsets Mining Algorithm on Data Streams with Constraints},
  author={Yu, Qun and Tang, Ke-Ming and Tang, Shi-Xi and Lv, Xin},
  booktitle={International Conference on Intelligent Data Engineering and Automated Learning},
  pages={192--201},
  year={2016},
  organization={Springer}
}

@inproceedings{kontaki2011continuous,
  title={Continuous monitoring of distance-based outliers over data streams},
  author={Kontaki, Maria and Gounaris, Anastasios and Papadopoulos, Apostolos N and Tsichlas, Kostas and Manolopoulos, Yannis},
  booktitle={2011 IEEE 27th International Conference on Data Engineering},
  pages={135--146},
  year={2011},
  organization={IEEE}
}

@inproceedings{tian1996efficient,
  title={An efficient data clustering method for very large databases},
  author={Tian, Zhang and Ramakrishnan, R and Birch, Livny M},
  booktitle={Proc of the ACM SIGMOD International Conference on Management of Data. Montre—al, Canada},
  pages={103--114},
  year={1996}
}

@article{salehi2016fast,
  title={Fast memory efficient local outlier detection in data streams},
  author={Salehi, Mahsa and Leckie, Christopher and Bezdek, James C and Vaithianathan, Tharshan and Zhang, Xuyun},
  journal={IEEE Transactions on Knowledge and Data Engineering},
  volume={28},
  number={12},
  pages={3246--3260},
  year={2016},
  publisher={IEEE}
}
@article{gama2012survey,
  title={A survey on learning from data streams: current and future trends},
  author={Gama, Joao},
  journal={Progress in Artificial Intelligence},
  volume={1},
  number={1},
  pages={45--55},
  year={2012},
  publisher={Springer}
}

@inproceedings{liu2008isolation,
  title={Isolation forest},
  author={Liu, Fei Tony and Ting, Kai Ming and Zhou, Zhi-Hua},
  booktitle={2008 Eighth IEEE International Conference on Data Mining},
  pages={413--422},
  year={2008},
  organization={IEEE}
}


@article{ding2013anomaly,
  title={An anomaly detection approach based on isolation forest algorithm for streaming data using sliding window},
  author={Ding, Zhiguo and Fei, Minrui},
  journal={IFAC Proceedings Volumes},
  volume={46},
  number={20},
  pages={12--17},
  year={2013},
  publisher={Elsevier}
}