@book{zhou2012ensemble,
  title={Ensemble methods: foundations and algorithms},
  author={Zhou, Zhi-Hua},
  year={2012},
  publisher={CRC press}
}

@book{hawkins1980identification,
  title={Identification of outliers},
  author={Hawkins, Douglas M},
  volume={11},
  year={1980},
  publisher={Springer}
}

@article{zhao2019pyod,
  author  = {Zhao, Yue and Nasrullah, Zain and Li, Zheng},
  title   = {PyOD: A Python Toolbox for Scalable Outlier Detection},
  journal = {Journal of Machine Learning Research},
  year    = {2019},
  volume  = {20},
  number  = {96},
  pages   = {1-7},
  url     = {http://jmlr.org/papers/v20/19-011.html}
}

@article{bartos_2019_rrcf,
  title={rrcf: Implementation of the Robust Random Cut Forest algorithm for anomaly detection on streams},
  author={Matthew, Bartos and Abhiram, Mullapudi and Sara, Troutman},
  journal={The Journal of Open Source Software},
  volume={4},
  number={35},
  pages={1336},
  year={2019}
}
@article{chandola2009anomaly,
  title={Anomaly detection: A survey},
  author={Chandola, Varun and Banerjee, Arindam and Kumar, Vipin},
  journal={ACM computing surveys (CSUR)},
  volume={41},
  number={3},
  pages={1--58},
  year={2009},
  publisher={ACM New York, NY, USA}
}

@article{ruts1996computing,
  title={Computing depth contours of bivariate point clouds},
  author={Ruts, Ida and Rousseeuw, Peter J},
  journal={Computational Statistics \& Data Analysis},
  volume={23},
  number={1},
  pages={153--168},
  year={1996},
  publisher={Elsevier}
}

@inproceedings{knorr1997unified,
  title={A Unified Notion of Outliers: Properties and Computation.},
  author={Knorr, Edwin M and Ng, Raymond T},
  booktitle={KDD},
  volume={97},
  pages={219--222},
  year={1997}
}

@inproceedings{ramaswamy2000efficient,
  title={Efficient algorithms for mining outliers from large data sets},
  author={Ramaswamy, Sridhar and Rastogi, Rajeev and Shim, Kyuseok},
  booktitle={Proceedings of the 2000 ACM SIGMOD international conference on Management of data},
  pages={427--438},
  year={2000}
}

@inproceedings{agyemang2004algorithm,
  title={Algorithm for Mining Local Outliers},
  author={Agyemang, Malik},
  booktitle={Innovations Through Information Technology: 2004 Information Resources Management Association International Conference, New Orleans, Louisiana, USA, May 23-26, 2004},
  volume={1},
  pages={5},
  year={2004},
  organization={IGI Global}
}

@inproceedings{papadimitriou2003loci,
  title={Loci: Fast outlier detection using the local correlation integral},
  author={Papadimitriou, Spiros and Kitagawa, Hiroyuki and Gibbons, Phillip B and Faloutsos, Christos},
  booktitle={Proceedings 19th international conference on data engineering (Cat. No. 03CH37405)},
  pages={315--326},
  year={2003},
  organization={IEEE}
}

@inproceedings{pokrajac2007incremental,
  title={Incremental local outlier detection for data streams},
  author={Pokrajac, Dragoljub and Lazarevic, Aleksandar and Latecki, Longin Jan},
  booktitle={2007 IEEE symposium on computational intelligence and data mining},
  pages={504--515},
  year={2007},
  organization={IEEE}
}

@inproceedings{breunig2000lof,
  title={LOF: identifying density-based local outliers},
  author={Breunig, Markus M and Kriegel, Hans-Peter and Ng, Raymond T and Sander, J{\"o}rg},
  booktitle={Proceedings of the 2000 ACM SIGMOD international conference on Management of data},
  pages={93--104},
  year={2000}
}

@inproceedings{lundberg2017unified,
  title={A unified approach to interpreting model predictions},
  author={Lundberg, Scott M and Lee, Su-In},
  booktitle={Advances in neural information processing systems},
  pages={4765--4774},
  year={2017}
}

@inproceedings{ribeiro2016should,
  title={" Why should I trust you?" Explaining the predictions of any classifier},
  author={Ribeiro, Marco Tulio and Singh, Sameer and Guestrin, Carlos},
  booktitle={Proceedings of the 22nd ACM SIGKDD international conference on knowledge discovery and data mining},
  pages={1135--1144},
  year={2016}
}

@article{shrikumar2017learning,
  title={Learning important features through propagating activation differences},
  author={Shrikumar, Avanti and Greenside, Peyton and Kundaje, Anshul},
  journal={arXiv preprint arXiv:1704.02685},
  year={2017}
}

